
@book{slide,
    author = {G. Noterstefano, S. Baroncini, L. Sforni},
    title = {Optimal Control course slides},
    publisher = {University of Bologna},
    year = {A.Y 2024 - 2025}
}